<?xml version="1.0" encoding="UTF-8"?><record xmlns="http://www.loc.gov/MARC21/slim" xmlns:cinclude="http://apache.org/cocoon/include/1.0" xmlns:zs="http://www.loc.gov/zing/srw/">
  <leader>00484nz  a2200133n  4500</leader>
  <controlfield tag="001">n  90608394 </controlfield>
  <controlfield tag="003">DLC</controlfield>
  <controlfield tag="005">19900206075916.7</controlfield>
  <controlfield tag="008">900206n| acannaab|          |a aad |||  </controlfield>
  <datafield tag="010" ind1=" " ind2=" ">
    <subfield code="a">n  90608394 </subfield>
  </datafield>
  <datafield tag="040" ind1=" " ind2=" ">
    <subfield code="a">DLC</subfield>
    <subfield code="c">DLC</subfield>
  </datafield>
  <datafield tag="100" ind1="1" ind2="0">
    <subfield code="a">Fabianic휍혖, Donato,</subfield>
    <subfield code="d">1808-1890</subfield>
  </datafield>
  <datafield tag="400" ind1="1" ind2="0">
    <subfield code="a">Fabianich, Donato,</subfield>
    <subfield code="d">1808-1890</subfield>
  </datafield>
  <datafield tag="670" ind1=" " ind2=" ">
    <subfield code="a">nuc89-102336: Turkey. Firmani inediti dei Sultani ... [MI] 1884</subfield>
    <subfield code="b">(hdg. on NStBU rept.: Fabianic휍혖, Donato, 1808-1890; usage: padre Donato Fabianich, dei minori osservanti)</subfield>
  </datafield>
</record>